@article{newell92,
    author  = "Allen Newell",
    title   = "Pr√©cis of Unified theories of cognition",
    year    = "1992",
    journal = "The Behavioral and Brain Sciences",
    volume  = "15",
    pages   = "425-492"
}
